@inproceedings{inproceedings,
author = {Mur-Artal, Raul and Tardos, Juan},
year = {2014},
month = {07},
pages = {},
title = {ORB-SLAM: Tracking and Mapping Recognizable Features}
}