
@string{icra = {Proc. of the {IEEE} Int. Conf. on Robot. and Autom.}}
@string{iros = {Proc. of the {IEEE/RSJ} Int. Conf. on Intell. Robots and Syst.}}

@InProceedings{sfm_revist,
	author = {J. L. Schonberger and J.-M. Frahm},
	title = {Structure-from-motion revisited},
	booktitle = {The IEEE Conference on Computer Vision and Pattern Recognition (CVPR)},
	year = {2016}
}

@InProceedings{schonberger_2016,
	author = {J. Schonberger and E. Zheng and M. Pollefeys and J.-M. Frahm},
	title = {Pixelwise view selection for unstructured multi-view stereo},
	booktitle = {European Conference on Computer Vision (ECCV)},
	year = {2016}
}

@InProceedings{demon,
	author = {B. Ummenhofer and H. Zhou and J. Uhrig and N. Mayer and E. Ilg and A. Dosovitskiy and T. Brox},
	title = {{DeMoN}: Depth and Motion Network for Learning Monocular Stereo},
	booktitle = {The IEEE Conference on Computer Vision and Pattern Recognition (CVPR)},
	year = {2017}
}

@InProceedings{ls_net,
	author = {R. Clark and M. Bloesch and J. Czarnowski and S. Leutenegger and A. J. Davison},
	title = {Learning to Solve Nonlinear Least Squares for Monocular Stereo},
	booktitle = {European Conference on Computer Vision (ECCV)},
	year = {2018}
}

@InProceedings{MVSNet,
	author = {Y. Yao and Z. Luo and S. Li and T. Fang and L. Quan},
	title = {{MVSNet}: Depth Inference for Unstructured Multi-view Stereo},
	booktitle = {European Conference on Computer Vision (ECCV)},
	year = {2018}
}

@InProceedings{deeptam,
	author = {H. Zhou and B. Ummenhofer and T. Brox},
	title = {{DeepTAM}: Deep Tracking and Mapping},
	booktitle = {European Conference on Computer Vision (ECCV)},
	year = {2018}
}

@InProceedings{RMVSNet,
	author = {Y. Yao and Z. Luo and S. Li and T. Shen and T. Fang and L. Quan},
	title = {Recurrent {MVSNet} for High-resolution Multi-view Stereo Depth Inference},
	booktitle = {In IEEE Conference on Computer Vision and Pattern Recognition (CVPR)},
	year = {2019}
}

@InProceedings{depth_from_direct,
	author = {C. Wang and J. M. Buenaposada and R. Zhu and and S. Lucey},
	title = {Learning depth from monocular videos using direct methods},
	booktitle = {In IEEE Conference on Computer Vision and Pattern Recognition (CVPR)},
	year = {2018}
}

@InProceedings{Zhan_2018_CVPR,
	author = {H. Zhan and R. Garg and C. S. Weerasekera and K. Li and H. Agarwal and I. Reid},
	title = {Unsupervised Learning of Monocular Depth Estimation and Visual Odometry With Deep Feature Reconstruction},
	booktitle = {The IEEE Conference on Computer Vision and Pattern Recognition (CVPR)},
	year = {2018}
}

@InProceedings{BA-Net,
	author = {C. Tang and P. Tan},
	title = {{BA-Net}: Dense Bundle Adjustment Network},
	booktitle = {The International Conference on Learning Representations (ICLR)},
	year = {2019}
}


@InProceedings{DPSNet,
	author = {S. Im and H. Jeon and S. Lin and I. S. Kweon},
	title = {{DPSNet}: End-to-end Deep Plane Sweep Stereo},
	booktitle = {The International Conference on Learning Representations (ICLR)},
	year = {2019}
}

@InProceedings{adam,
	author = {D. P. Kingma and J. L. Ba},
	title = {{ADAM}: A Method for Stochastic Optimization},
	booktitle = {The International Conference on Learning Representations (ICLR)},
	year = {2015}
}

@book{multiview_geometry,
	title={Multiple View Geometry in Computer Vision},
	author={R. Hartley and A. Zisserman},
	year={2004},
	publisher={Cambridge Univ. Press}
}

@book{numerical_optimization,
	title={Numerical Optimization},
	author={J. Nocedal and S. J. Wright},
	year={2006},
	publisher={Springer}
}

@InProceedings{code_slam,
	author = {M. Bloesch and J. Czarnowski and R. Clark and S. Leutenegger and A. J. Davison},
	title = {{CodeSLAM} — Learning a Compact, Optimisable Representation for Dense Visual {SLAM}},
	booktitle = {The IEEE Conference on Computer Vision and Pattern Recognition (CVPR)},
	year = {2018}
}

@InProceedings{sun3d,
    author = {J. Xiao and A. Owens and A. Torralba},
    title = {{SUN3D}: A Database of Big Spaces Reconstructed Using SfM and Object Labels},
    booktitle = {European Conference on Computer Vision (ECCV)},
    year = {2013}
}

@InProceedings{sturm12iros,
	author = {J. Sturm and N. Engelhard and F. Endres and W. Burgard and D. Cremers},
	title = {A Benchmark for the Evaluation of {RGB-D} {SLAM} Systems},
	booktitle = iros,
	year = {2012},
}

@INPROCEEDINGS{flownet,
	author = {A. Dosovitskiy and P. Fischer and E. Ilg and P. Hausser and C. Hazirbas and V. Golkov},
	title = {Flownet: Learning optical flow with convolutional networks},
	booktitle = {The IEEE International Conference on Computer Vision (ICCV)},
	year = {2015}
}

@InProceedings{kitti,
	author = {A. Geiger and P. Lenz and R. Urtasun},
	title = {Are we ready for Autonomous Driving? The {KITTI} Vision Benchmark Suite},
	booktitle = {The IEEE Conference on Computer Vision and Pattern Recognition (CVPR)},
	year = {2012}
}

@InProceedings{direct_monodepth,
	author = {C. Wang and J. M. Buenaposada and R. Zhu and S. Lucey},
	title = {Learning depth from monocular videos using direct methods},
	booktitle = {The IEEE Conference on Computer Vision and Pattern Recognition (CVPR)},
	year = {2018}
}

@InProceedings{every_pixel_counts,
	author = {Z. Yang and P. Wang and Y. Wang and W. Xu and R. Nevatia},
	title = {Every pixel counts: Unsupervised geometry learning with holistic 3d motion understanding},
	booktitle = {European Conference on Computer Vision (ECCV)},
	year = {2018}
}

@InProceedings{geo_net,
	author = {Z. Yin and J. Shi},
	title = {{GeoNet}: Unsupervised Learning of Dense Depth, Optical Flow and Camera Pose},
	booktitle = {The IEEE Conference on Computer Vision and Pattern Recognition (CVPR)},
	year = {2018}
}

@inproceedings{mr_flow,
	title = {Optical Flow in Mostly Rigid Scenes},
	author = {J. Wulff and L. S.-Lara and M. J. Black},
	booktitle = {IEEE Conf. on Computer Vision and Pattern Recognition (CVPR)},
	year = {2017},
}

@INPROCEEDINGS{flownet2,
	author = {E. Ilg and N. Mayer and T. Saikia and M. Keuper and A. Dosovitskiy and T. Brox},
	title = {{FlowNet 2.0: Evolution of Optical Flow Estimation with Deep Networks}},
	booktitle = {The IEEE Conference on Computer Vision and Pattern Recognition (CVPR)},
	year = {2017}
}

@INPROCEEDINGS{pwc_net,
	author = {D. Sun and X. Yang and M. Liu and J. Kautz},
	title = {{PWC-Net}: {CNNs} for Optical Flow Using Pyramid, Warping, and Cost Volume},
	booktitle = {The IEEE Conference on Computer Vision and Pattern Recognition (CVPR)},
	year = {2018}
}

@INPROCEEDINGS{spy_net,
	author = {A. Ranjan and M. J. Black},
	title = {Optical Flow Estimation using a Spatial Pyramid Network},
	booktitle = {The IEEE Conference on Computer Vision and Pattern Recognition (CVPR)},
	year = {2017}
}

@INPROCEEDINGS{dense_net,
	author = {G. Huang and Z. Liu and L. van der Maaten and K. Q. Weinberger},
	title = {Densely Connected Convolutional Networks},
	booktitle = {The IEEE Conference on Computer Vision and Pattern Recognition (CVPR)},
	year = {2017}
}

@inproceedings{DeepMVS,
	author       = "P. Huang and K. Matzen and J. Kopf and N. Ahuja and J. Huang",
	title        = "{DeepMVS}: Learning Multi-View Stereopsis",
	booktitle    = "IEEE Conference on Computer Vision and Pattern Recognition (CVPR)",
	year         = "2018"
}

@InProceedings{mvdepthnet,
	author       = "K. Wang and S. Shen",
	title        = "{MVDepthNet}: real-time multiview depth estimation neural network",
	booktitle    = "International Conference on 3D Vision (3DV)",
	year         = "2018",
}

@inproceedings{p+p,
	author       = "H. S. Sawhney",
	title        = "{3D} geometry from planar parallax",
	booktitle    = "IEEE Conference on Computer Vision and Pattern Recognition (CVPR)",
	year         = "1994"
}

@inproceedings{mono_depth_2014,
	author       = "D. Eigen and C. Puhrsch and R. Fergus",
	title        = "Depth map prediction from a single image using a multi-scale deep network",
	booktitle    = "Neural Information Processing Systems (NIPS)",
	year         = "2014"
}

@InProceedings{fcrn_mono_depth,
	author       = "I. Laina and C. Rupprecht and V. Belagiannis and F. Tombari and N. Navab",
	title        = "Deeper depth prediction with fully convolutional residual networks",
	booktitle    = "International Conference on 3D Vision (3DV)",
	year         = "2016",
}

@article{berhu_loss,
	title={The {BerHu} penalty and the grouped effect},
	author={L. Zwald and S. Lambert-Lacroix},
	journal={arXiv preprint arXiv:1207.6868},
	year={2012}
}

@InProceedings{mve_2014,
	author = {S. Fuhrmann and F. Langguth and M. Goesele},
	title = {{MVE} – A Multi-View Reconstruction Environment},
	booktitle = {The Eurographics Workshop on Graphics and Cultural Heritage (GCH)},
	year = {2014}
}

@InProceedings{ummenhofer_2015,
	author = {B. Ummenhofer and T. Brox},
	title = {Global, dense multiscale reconstruction for a billion points},
	booktitle = {The IEEE International Conference on Computer Vision (ICCV)},
	year = {2015}
}

@article{8_point,
	Author = {R. I. Hartley},
	Journal = {IEEE Transactions on Pattern Analysis and Machine Intelligence},
	Title = {In defense of the eight-point algorithm},  
	Volume = {19},
	Pages = {580–593},
	Year = {1997}}

@article{hirschmuller2008stereo,
	title={Stereo processing by semiglobal matching and mutual information},
	author={H. Hirschmuller},
	journal={IEEE Transactions on pattern analysis and machine intelligence},
	volume={30},
	number={2},
	pages={328--341},
	year={2008},
	publisher={IEEE}
}

@InProceedings{flowfield,
	author = {C. Bailer and B. Taetz and D. Stricker},
	title = {Flow Fields: Dense Correspondence Fields for Highly Accurate Large Displacement Optical Flow Estimation},
	booktitle = {The IEEE International Conference on Computer Vision (ICCV)},
	year = {2015}
}
@InProceedings{freeze_people,
	author = {Z. Li and T. Dekel and F. Cole and R. Tucker and N. Snavely and C. Liu and W. Freeman},
	title = {Learning the Depths of Moving People by Watching Frozen People},
	booktitle = {IEEE Conference on Computer Vision and Pattern Recognition (CVPR)},
	year = {2019}
}

